@book{Knuth1981,
    author = {Donald E. Knuth},
    title = {The Art of Computer Programming},
    year = {1981},
    volume = {2},
    edition = {2nd},
    publisher = {Addison-Wesley},
    isbn = {0201038013},
}

@article{Marsaglia2003,
    author = {George Marsaglia},
    title = {Xorshift RNGs},
    journal = {Journal of Statistical Software},
    year = {2003},
    volume = {14},
    number = {8},
    doi = {1018637},
}
