@book{stallings2014,
    author = {William Stallings},
    title = {Cryptography and Network Security: Principles and Practice},
    year = {2014},
    isbn = {9780133354690},
    edition = {6th},
    publisher = {Pearson},
    pages = {81-84},
}

@misc{Nayuki2016,
    author = {Nayuki},
    title = {AES cipher internals in Excel},
    howpublished = {https://www.nayuki.io/page/aes-cipher-internals-in-excel},
    year = {2016}
}
