@book{stallings2014,
    author = {William Stallings},
    title = {Cryptography and Network Security: Principles and Practice},
    year = {2014},
    isbn = {9780133354690},
    edition = {6th},
    publisher = {Pearson},
    pages = {81-84},
}

@article{karnaugh1953,
    author = {Maurice Karnaugh},
    title = {The Map Method for Synthesis of Combinational Logic Circuits},
    journal = {Transactions of the American Institute of Electrical Engineers},
    number = {72},
    year = {November 1953},
    doi = {10.1109/TCE.1953.6371932},
}